<record><leader>00000cas a2200000 a 4500</leader><controlfield tag="001">13763878</controlfield><controlfield tag="008">860623c19209999okudr ne      0    0eng d</controlfield><datafield ind1=" " ind2=" " tag="010"><subfield code="a">sn 86064115 </subfield></datafield><datafield ind1=" " ind2=" " tag="040"><subfield code="a">KSH</subfield><subfield code="b">eng</subfield><subfield code="c">KSH</subfield><subfield code="d">NPT</subfield><subfield code="d">OBN</subfield><subfield code="d">OCL</subfield><subfield code="d">OCLCQ</subfield><subfield code="d">OCLCF</subfield><subfield code="d">OCLCO</subfield></datafield><datafield ind1="1" ind2=" " tag="029"><subfield code="a">AU@</subfield><subfield code="b">000022169685</subfield></datafield><datafield ind1=" " ind2=" " tag="042"><subfield code="a">msc</subfield></datafield><datafield ind1=" " ind2=" " tag="043"><subfield code="a">n-us-ok</subfield></datafield><datafield ind1="0" ind2=" " tag="130"><subfield code="a">Norman transcript (Norman, Okla.)</subfield></datafield><datafield ind1="1" ind2="4" tag="245"><subfield code="a">The Norman transcript.</subfield></datafield><datafield ind1=" " ind2=" " tag="260"><subfield code="a">Norman, Okla. :</subfield><subfield code="b">Transcript-Enterprise Pub. Co.</subfield></datafield><datafield ind1=" " ind2=" " tag="300"><subfield code="a">v.</subfield></datafield><datafield ind1=" " ind2=" " tag="310"><subfield code="a">Daily (except Saturday)</subfield></datafield><datafield ind1=" " ind2=" " tag="321"><subfield code="a">Triweekly,</subfield><subfield code="b">Dec. 9, 1920-Oct 5, 1922</subfield></datafield><datafield ind1="0" ind2=" " tag="362"><subfield code="a">Vol. 8, no. 196 (Dec. 9, 1920)-</subfield></datafield><datafield ind1=" " ind2="0" tag="651"><subfield code="a">Norman (Okla.)</subfield><subfield code="v">Newspapers.</subfield></datafield><datafield ind1=" " ind2="0" tag="651"><subfield code="a">Cleveland County (Okla.)</subfield><subfield code="v">Newspapers.</subfield></datafield><datafield ind1=" " ind2="7" tag="655"><subfield code="a">Newspapers.</subfield><subfield code="2">fast</subfield><subfield code="0">(OCoLC)fst01423814</subfield></datafield><datafield ind1=" " ind2="7" tag="651"><subfield code="a">Oklahoma</subfield><subfield code="z">Cleveland County.</subfield><subfield code="2">fast</subfield><subfield code="0">(OCoLC)fst01223119</subfield></datafield><datafield ind1=" " ind2="7" tag="651"><subfield code="a">Oklahoma</subfield><subfield code="z">Norman.</subfield><subfield code="2">fast</subfield><subfield code="0">(OCoLC)fst01209423</subfield></datafield><datafield ind1=" " ind2=" " tag="752"><subfield code="a">United States</subfield><subfield code="b">Oklahoma</subfield><subfield code="c">Cleveland</subfield><subfield code="d">Norman.</subfield></datafield><datafield ind1="0" ind2="0" tag="780"><subfield code="t">Norman daily transcript</subfield><subfield code="w">(DLC)sn 95076042</subfield><subfield code="w">(OCoLC)32025623</subfield></datafield><datafield ind1="0" ind2="5" tag="780"><subfield code="t">Cleveland County times</subfield><subfield code="w">(DLC)sn 95076007</subfield><subfield code="w">(OCoLC)31950383</subfield></datafield><datafield ind1="0" ind2="5" tag="780"><subfield code="t">Cleveland County record</subfield><subfield code="w">(DLC)sn 85007483</subfield><subfield code="w">(OCoLC)12047818</subfield></datafield><datafield ind1="0" ind2="5" tag="780"><subfield code="t">Cleveland Co. democrat news</subfield><subfield code="w">(DLC)sn 95076023</subfield><subfield code="w">(OCoLC)31988272</subfield></datafield></record>